<?xml version="1.0" encoding="UTF-8"?><collection xmlns="http://www.loc.gov/MARC21/slim"><record><leader>00521nam--2200181-i-4500</leader><controlfield tag="001">000037209</controlfield><controlfield tag="002">20161230</controlfield><controlfield tag="005">20161230201041</controlfield><controlfield tag="008">060222s1000------------r-----000-0-rus-d</controlfield><datafield ind1=" " ind2=" " tag="040"><subfield code="a">IFIN-HH</subfield></datafield><datafield ind1=" " ind2=" " tag="041"><subfield code="a">rus</subfield></datafield><datafield ind1="1" ind2=" " tag="100"><subfield code="a">Voronkova, E.M</subfield></datafield><datafield ind1="1" ind2="0" tag="245"><subfield code="a">Opticeskie materiali dlia infrakrasnoi tehniki</subfield><subfield code="b">Spravocinoe iZdanie</subfield><subfield code="c">E.m. voronkova, b.n. greciushnikov, g.i. distler, i.p. petrov</subfield></datafield><datafield ind1=" " ind2=" " tag="260"><subfield code="a">Moskva</subfield><subfield code="b">Nauka</subfield><subfield code="c">1965</subfield></datafield><datafield ind1=" " ind2=" " tag="300"><subfield code="a">335p</subfield></datafield><datafield ind1="1" ind2=" " tag="700"><subfield code="a">Petrov, I.P</subfield></datafield><datafield ind1=" " ind2=" " tag="852"><subfield code="a">21848</subfield><subfield code="c">535</subfield></datafield><datafield ind1=" " ind2=" " tag="CAT"><subfield code="a">Sys</subfield><subfield code="c">20101022</subfield><subfield code="h">131349</subfield></datafield></record></collection>